<?xml version="1.0" encoding="UTF-8"?><collection xmlns="http://www.loc.gov/MARC21/slim"><record><leader>00649nam--2200205-u-4500</leader><controlfield tag="001">000053115</controlfield><controlfield tag="002">20161230</controlfield><controlfield tag="005">20170228115729</controlfield><controlfield tag="008">110106s1000------------r-----000-0-eng-d</controlfield><datafield ind1=" " ind2=" " tag="020"><subfield code="a">9739937233</subfield></datafield><datafield ind1=" " ind2=" " tag="040"><subfield code="a">IFIN-HH</subfield></datafield><datafield ind1=" " ind2=" " tag="080"><subfield code="a">539.12.08(021)</subfield></datafield><datafield ind1="1" ind2=" " tag="100"><subfield code="a">Ivanov, V.I</subfield></datafield><datafield ind1="1" ind2="0" tag="245"><subfield code="a">Curs de dozimetrie</subfield><subfield code="b">Traducere din limba rusa: Sevastian N. Rapeanu; Ion Padureanu; Angela Cauia</subfield><subfield code="c">I.v. Ivanov</subfield></datafield><datafield ind1=" " ind2=" " tag="250"><subfield code="a">Editia a 4-a, Prelucrata si Adaugata</subfield></datafield><datafield ind1=" " ind2=" " tag="260"><subfield code="a">Bucuresti</subfield><subfield code="b">Editura Planeta</subfield><subfield code="c">1999</subfield></datafield><datafield ind1=" " ind2=" " tag="300"><subfield code="a">424P</subfield></datafield><datafield ind1=" " ind2=" " tag="500"><subfield code="a">Titlul original in Limba Rusa: Kurs Dozimetrii</subfield></datafield><datafield ind1=" " ind2=" " tag="852"><subfield code="a">81110</subfield><subfield code="c">539.1.07:530.1.08</subfield></datafield><datafield ind1=" " ind2=" " tag="CAT"><subfield code="a">SYS</subfield><subfield code="c">20170228</subfield><subfield code="h">115729</subfield></datafield></record></collection>